@article{Jumbe200461,
title = "{Cointegration and causality between electricity consumption and GDP: empirical evidence from Malawi}",
journal = "Energy Economics ",
volume = "26",
number = "1",
pages = "61 - 68",
year = "2004",
note = "",
issn = "0140-9883",
doi = "http://dx.doi.org/10.1016/S0140-9883(03)00058-6",
url = "http://www.sciencedirect.com/science/article/pii/S0140988303000586",
author = "Charles B.L Jumbe",
keywords = "Cointegration",
keywords = "Causality",
keywords = "Error correction models",
keywords = "Malawi "
}

@book{g2001understanding,
  title={Understanding FACTS: Concepts and Technology of Flexible AC Transmission Systems},
  author={G, H.N. and Hingorani, N.G. and Gyugyi, L.},
  isbn={9780780334557},
  url={http://eu.wiley.com/WileyCDA/WileyTitle/productCd-0780334558,miniSiteCd-IEEE2.html},
  year={December 1999},
  publisher={ Wiley-IEEE Press}
}

@manual{elia:2014,
  title  = {Elia installs metering tools on its border lines to optimise import capacities},
  author = "Elia Group Belgium",
  url    = "http://www.elia.be/en/about-elia/newsroom/news/2014/Elia-installs-metering-tools-on-its-border-lines-to-optimise-import-capacities",
  year   = "2014"
}

@techreport{usoutage2004,
  author = {U.S.-Canada Power System Outage Task Force},
  title  = "{Final Report on the August 14, 2003 Blackout in the United States and Canada: Causes and Recommendations}",
  institution = {U.S. Department of Energy},
  url    = "http://energy.gov/sites/prod/files/oeprod/DocumentsandMedia/BlackoutFinal-Web.pdf",
  year   = 2004
}

@techreport{pmusitu2010,
  author  = "Thomas,Overbye and Pete,Sauer and Chris,DeMarco and Bernie,Lesieutre and Mani,Venkatasubramaniam",
  title   = "{Using PMU Data to Increase Situational Awareness}",
  institution = {Power Systems Engineering Research Center},
  url     = {http://www.pserc.wisc.edu/documents/publications/reports/2010_reports/Overbye_PSERC_S-36_Final_Report_2010.pdf},
  year    = {Septemeber 2010}
  }
  
@manual{pmudeploy2012,
  title  = {PMU Deployment in the Carolinas with Communication System Modernization},
  author = "U.S. Department of Energy",
  url    = "https://www.smartgrid.gov/sites/default/files/pdfs/project_desc/09-0256-duke-energy-carolinas-project-description-06-13-2012.pdf",
  year   = "June 2012"
  }

@manual{abbhvdc2014,
  title  = "North-East Agra - a \pm800kV transmission superhighway",
  author = "ABB Grid Systems",
  url    = "\url{http://www05.abb.com/global/scot/scot221.nsf/veritydisplay/5e14689c5b570986c1257927004fd08e/\$file/POW0071\%20LR.pdf}",
  year   = "October 2014"
  }

@article{cao2012optimized,
  title="{An optimized EV charging model considering TOU price and SOC curve}",
  author={Cao, Yijia and Tang, Shengwei and Li, Canbing and Zhang, Peng and Tan, Yi and Zhang, Zhikun and Li, Junxiong},
  journal={Smart Grid, IEEE Transactions on},
  volume={3},
  number={1},
  pages={388--393},
  year={2012},
  publisher={IEEE}
  }